<?xml version="1.0" encoding="UTF-8"?><record xmlns="http://www.loc.gov/MARC21/slim" xmlns:cinclude="http://apache.org/cocoon/include/1.0" xmlns:zs="http://www.loc.gov/zing/srw/">
  <leader>00485nz  a2200133n  4500</leader>
  <controlfield tag="001">n 2010180490</controlfield>
  <controlfield tag="003">DLC</controlfield>
  <controlfield tag="005">20100330074950.0</controlfield>
  <controlfield tag="008">100329n| acannaabn          |n aaa      </controlfield>
  <datafield tag="010" ind1=" " ind2=" ">
    <subfield code="a">n 2010180490</subfield>
  </datafield>
  <datafield tag="035" ind1=" " ind2=" ">
    <subfield code="a">(DNLM)1468036</subfield>
  </datafield>
  <datafield tag="040" ind1=" " ind2=" ">
    <subfield code="a">DNLM</subfield>
    <subfield code="b">eng</subfield>
    <subfield code="c">DNLM</subfield>
  </datafield>
  <datafield tag="100" ind1="1" ind2=" ">
    <subfield code="a">Sohal, Vikaas</subfield>
  </datafield>
  <datafield tag="670" ind1=" " ind2=" ">
    <subfield code="a">Dissecting cortical information processing with optogenetics, 2009:</subfield>
    <subfield code="b">title screen (Vikaas Sohal, MD, PhD) PowerPoint screen (Vikaas S. Sohal; Deisseroth Lab. and Dept. of Psychiatry, Stanford Univ.)</subfield>
  </datafield>
</record>